@misc{TEMPLATE:1,
TITLE="User's Manual",
YEAR="2002",
LANGUAGE="English",
ORGANIZATION="U.S. Department of Housing and Urban Development",
URL="https://www.hud.gov/sites/documents/DOC_15160.DOC"
}
