%% Used template already on Dr.Bokhari's git repo  


%% Saved with string encoding Unicode (UTF-8) 



@book{RobertsonAndRobertson2012,
	author = {James Robertson and Suzanne Robertson},
	title = {Volere Requirements Specification Template},
	publisher = {Atlantic Systems Guild Limited},
	year = {2012},
	edition = {16}
	}

@online{PadlockGit,
	author = {MaKleSoft},
	title = {padlock},
	year = {2017},
	url = {https://github.com/MaKleSoft/padlock},
	urldate = {2017-10-06}
	}
	
@online{KeePassSite,
	author = {dreichl},
	title = {KeePass Password Safe},
	year = {2003-2017},
	url = {https://keepass.info/},
	urldate = {2017-10-06}
	}
	
@online{EncryptrGit,
	author = {SpiderOak},
	title = {Encryptr},
	year = {2017},
	url = {https://www.getfilecloud.com/supportdocs/pages/viewpreviousversions.action?pageId=10191111},
	urldate = {2017-10-06}
	}

@online{RatticDBSite,
	author = {tildaslash},
	title = {RatticWeb},
	year = {2015},
	url = {https://keepass.info/},
	urldate = {2017-10-06}
	}
	
@online{FileCloudDefs,
	author = {FileCloud},
	title = {Two Factor Authentication},
	year = {2016},
	url = {https://www.getfilecloud.com/supportdocs/pages/viewpreviousversions.action?pageId=10191111},
	urldate = {2017-10-06}
	}
