@ARTICLE{TEMPLATE:1,
AUTHOR="U.S. Department of Housing and Urban Development",
TITLE="User's Manual",
PUBLISHER="U.S. Department of Housing and Urban Development",
YEAR="2002",
}